@IEEEtranBSTCTL{IEEEexample:BSTcontrol,
  CTLuse_paper             = "no",
  CTLuse_forced_etal       = "yes",
  CTLmax_names_forced_etal = "3",
  CTLnames_show_etal       = "1" 
}

@misc{microvolution,
   author = "{.}",
   title = {Microvolution},
   howpublished = {\url{http://microvolution.com/}},
   year = {2019}

}


@misc{wiener,
   author = "{}",
   title = {Wiener},
   howpublished = {\url{https://rcc.uq.edu.au/wiener}},
   year = {2019}

}


@misc{datastorage,
   author = "{ }",
   title = {Data Storage},
   howpublished = {\url{https://rcc.uq.edu.au/data-storage/}},
   year = {2019}

}


